@misc{fair-representation-tutorial,
	author = {Moustapha Cisse and Sanmi Koyejo},
	timestamp = {2017-04-24T09:28:37.000+0200},
	title = {NIPS 2019 Tutorial: Fairness and Representation Learning},
	url = {https://sanmi.cs.illinois.edu/documents/Representation_Learning_Fairness_NeurIPS19_Tutorial.pdf},
	year = 2019
}

@misc{Lee21,
	title={Fast and Efficient MMD-based Fair PCA via Optimization over Stiefel Manifold}, 
	author={Junghyun Lee and Gwangsu Kim and Matt Olfat and Mark Hasegawa-Johnson and Chang D. Yoo},
	year={2021},
	eprint={2109.11196},
	archivePrefix={arXiv},
	primaryClass={stat.ML}
}

@misc{angwin2016machine,
	title = "Machine Bias",
	year = {2016},
	author = "Kirchner, L and Larson, J. and Mattu, S. and Angwin, J.",
	howpublished = "ProPublica"
}

@article{karan2012diagnosing,
	title={Diagnosing diabetes using neural networks on small mobile devices},
	author={Karan, O{\u{g}}uz and Bayraktar, Canan and G{\"u}m{\"u}{\c{s}}kaya, Haluk and Karl{\i}k, Bekir},
	journal={Expert Systems with Applications},
	volume={39},
	number={1},
	pages={54--60},
	year={2012},
	publisher={Elsevier}
}

@article{aswani2019optimization,
	title={Optimization hierarchy for fair statistical decision problems},
	author={Aswani, Anil and Olfat, Matt},
	journal={arXiv preprint arXiv:1910.08520},
	year={2019}
}

@article{beutel2017data,
	title={Data decisions and theoretical implications when adversarially learning fair representations},
	author={Beutel, Alex and Chen, Jilin and Zhao, Zhe and Chi, Ed H},
	journal={arXiv preprint arXiv:1707.00075},
	year={2017}
}

@inproceedings{olfat2020covariance,
	title={Covariance-robust dynamic watermarking},
	author={Olfat, Matt and Sloan, Stephen and Hespanhol, Pedro and Porter, Matt and Vasudevan, Ram and Aswani, Anil},
	booktitle={2020 59th IEEE Conference on Decision and Control (CDC)},
	pages={3793--3799},
	year={2020},
	organization={IEEE}
}

@inproceedings{calders2013controlling,
	title={Controlling attribute effect in linear regression},
	author={Calders, Toon and Karim, Asim and Kamiran, Faisal and Ali, Wasif and Zhang, Xiangliang},
	booktitle={Data Mining (ICDM), 2013 IEEE 13th International Conference on},
	pages={71--80},
	year={2013},
	organization={IEEE}
}

@article{lisboa2006artificial,
	title={The use of artificial neural networks in decision support in cancer: a systematic review},
	author={Lisboa, Paulo J and Taktak, Azzam FG},
	journal={Neural networks},
	volume={19},
	number={4},
	pages={408--415},
	year={2006},
	publisher={Elsevier}
}

@article{chien2008data,
	title={Data mining to improve personnel selection and enhance human capital: A case study in high-technology industry},
	author={Chien, Chen-Fu and Chen, Li-Fei},
	journal={Expert Systems with applications},
	volume={34},
	number={1},
	pages={280--290},
	year={2008},
	publisher={Elsevier}
}

@inproceedings{OA19,
	author    = "Matt Olfat and
	Anil Aswani",
	title     = "Convex Formulations for Fair Principal Component Analysis",
	year      = {2019},
	pages     = {663--670},
	booktitle = "The Thirty-Third {AAAI} Conference on Artificial Intelligence, {AAAI}
	2019, Honolulu, Hawaii,
	USA, January 27 - February 1, 2019",
}

@inproceedings{Arora13,
	author = {Arora, Raman and Cotter, Andy and Srebro, Nati},
	booktitle = {Advances in Neural Information Processing Systems},
	editor = {C. J. C. Burges and L. Bottou and M. Welling and Z. Ghahramani and K. Q. Weinberger},
	pages = {},
	publisher = {Curran Associates, Inc.},
	title = {Stochastic Optimization of PCA with Capped MSG},
	url = {https://proceedings.neurips.cc/paper/2013/file/6d0f846348a856321729a2f36734d1a7-Paper.pdf},
	volume = {26},
	year = {2013}
}


@ARTICLE{Alsharif21,
	author={Alsharif, Mohammed Hussain and Douik, Ahmed and Ahmed, Mohanad and Alnaffouri, Tareq and Hassibi, Babak},
	journal={IEEE Transactions on Signal Processing}, 
	title={Manifold Optimization for High Accuracy Spacial Location Estimation Using Ultrasound Waves}, 
	year={2021},
	volume={},
	number={},
	pages={1-1},
	doi={10.1109/TSP.2021.3109792}}


@book{lmi-book,
	author = {Boyd, Stephen and El Ghaoui, Laurent and Feron, Eric and Balakrishnan, Venkataramanan},
	title = {Linear Matrix Inequalities in System and Control Theory},
	publisher = {Society for Industrial and Applied Mathematics},
	year = {1994},
	doi = {10.1137/1.9781611970777},
	address = {},
	edition   = {},
	URL = {https://epubs.siam.org/doi/abs/10.1137/1.9781611970777},
	eprint = {https://epubs.siam.org/doi/pdf/10.1137/1.9781611970777}
}

@inproceedings{madmm,
	author    = {Artiom Kovnatsky and
	Klaus Glashoff and
	Michael M. Bronstein},
	editor    = {Bastian Leibe and
	Jiri Matas and
	Nicu Sebe and
	Max Welling},
	title     = "MADMM: A Generic Algorithm for Non-smooth Optimization on Manifolds",
	booktitle = {Computer Vision - {ECCV} 2016 - 14th European Conference, Amsterdam,
	The Netherlands, October 11-14, 2016, Proceedings, Part {V}},
	series    = {Lecture Notes in Computer Science},
	volume    = {9909},
	pages     = {680--696},
	publisher = {Springer},
	year      = {2016},
	url       = {https://doi.org/10.1007/978-3-319-46454-1\_41},
	doi       = {10.1007/978-3-319-46454-1\_41},
}

@Article{HLWY20,
	author = 	 "Jiang Hu 
	and Xin Liu 
	and Zai-Wen Wen 
	and Ya-Xiang Yuan",
	title = 	 "A Brief Introduction to Manifold Optimization",
	journal =	 "Journal of Operations Research Society of China",
	year =	 "2020",
	volume = "8",
	pages = "199--248"
}

@Article{repms,
	author = 	 "Changshuo Liu and Nicolas Boumal",
	title = 	 "Simple Algorithms for Optimization on Riemannian Manifolds with Constraints",
	journal =	 "Applied Mathematics and Optimization",
	year =	 "2019",
	volume = "82",
	pages = "949--981"
}

@misc{Meng21,
	title={An Online Riemannian PCA for Stochastic Canonical Correlation Analysis}, 
	author={Zihang Meng and Rudrasis Chakraborty and Vikas Singh},
	year={2021},
	eprint={2106.07479},
	archivePrefix={arXiv},
	primaryClass={cs.LG}
}


@article{exact-penalty,
	Author = {Han, S. -P. and Mangasarian, O. L.},
	Da = {1979/12/01},
	Journal = {Mathematical Programming},
	Number = {1},
	Pages = {251--269},
	Title = {Exact penalty functions in nonlinear programming},
	Ty = {JOUR},
	Url = {https://doi.org/10.1007/BF01588250},
	Volume = {17},
	Year = {1979},
	Bdsk-Url-1 = {https://doi.org/10.1007/BF01588250}}


@article{CMSZ20,
	author = {Chen, Shixiang and Ma, Shiqian and Man-Cho So, Anthony and Zhang, Tong},
	title = {Proximal Gradient Method for Nonsmooth Optimization over the Stiefel Manifold},
	journal = {SIAM Journal on Optimization},
	volume = {30},
	number = {1},
	pages = {210-239},
	year = {2020}
}

@Article{BFM10,
	author = 	 "E. G. Birgin and C. S. Floudas and J. M. Martínez",
	title = 	 "Global minimization using an Augmented Lagrangian method with variable lower-level constraints",
	journal =	 "Mathematical Programming",
	year =	 "2010",
	volume =	 "125",
	pages =	 "139--162"
}

@article{PZ94,
	author = {Pinar, Mustafa Ç. and Zenios, Stavros A.},
	title = {On Smoothing Exact Penalty Functions for Convex Constrained Optimization},
	journal = {SIAM Journal on Optimization},
	volume = {4},
	number = {3},
	pages = {486-511},
	year = {1994},
	doi = {10.1137/0804027},
	URL = {https://doi.org/10.1137/0804027},
	eprint = {https://doi.org/10.1137/0804027}
}


@misc{PP12,
	author       = "K. B. Petersen and M. S. Pedersen",
	title        = "The Matrix Cookbook",
	year         = "2012",
	month        = "Nov.",
	keywords     = "Matrix identity, matrix relations, inverse, matrix derivative",
	publisher    = "Technical University of Denmark",
	note         = "Version 20121115",
	url          = "http://www2.compute.dtu.dk/pubdb/pubs/3274-full.html",
}

@book{AMS07, 
	author = {Absil, P.-A. and Mahony, R. and Sepulchre, R.}, 
	title = {Optimization Algorithms on Matrix Manifolds}, 
	year = {2007},
	publisher = {Princeton University Press}, 
	address = {USA}
}

@Booklet{Boumal20,
	title        = {An introduction to optimization on smooth manifolds},
	author       = {Boumal, Nicolas},
	howpublished = {Available online},
	month        = {Nov},
	year         = {2020},
	url          = {http://www.nicolasboumal.net/book},
}


@article{magnus1979,
	author = "Magnus, Jan R. and Neudecker, H.",
	journal = "Annals of Statistics",
	month = "03",
	number = "2",
	pages = "381--394",
	publisher = "The Institute of Mathematical Statistics",
	title = "The Commutation Matrix: Some Properties and Applications",
	volume = "7",
	year = "1979"
}


@article{JBAS10,
	author = {M. Journée and F. Bach and P. A. Absil and R. Sepulchre},
	title = {Low-Rank Optimization on the Cone of Positive Semidefinite Matrices},
	journal = {SIAM Journal on Optimization},
	volume = {20},
	number = {5},
	pages = {2327--2351},
	year = {2010}
}

@ARTICLE{BSBP16,
	author={K. {Benidis} and Y. {Sun} and P. {Babu} and D. P. {Palomar}},
	journal={IEEE Transactions on Signal Processing}, 
	title={Orthogonal Sparse PCA and Covariance Estimation via Procrustes Reformulation},
	year={2016},
	volume={64},
	number={23},
	pages={6211-6226},
	doi={10.1109/TSP.2016.2605073}
}

@book{Nesterov04,
	author = {Nesterov, Yurii},
	title = {Introductory Lectures on Convex Optimization: A Basic Course},
	year = {2004},
	publisher = {Springer Publishing Company, Incorporated},
	edition = {1}
}

@InProceedings{Boumal15,
	author="Boumal, Nicolas",
	editor="Nielsen, Frank
	and Barbaresco, Fr{\'e}d{\'e}ric",
	title="Riemannian Trust Regions with Finite-Difference Hessian Approximations are Globally Convergent",
	booktitle="Geometric Science of Information",
	year="2015",
	publisher="Springer International Publishing",
	address="Cham",
	pages="467--475",
}

@Article{ABG07,
	author={Absil, P.-A.
	and Baker, C. G.
	and Gallivan, K. A.},
	title={Trust-Region Methods on Riemannian Manifolds},
	journal={Foundations of Computational Mathematics},
	year={2007},
	month={Jul},
	day={01},
	volume={7},
	number={3},
	pages={303-330},
}

@article{HuangAG18,
	author = {Wen Huang and P.-A. Absil and K. A. Gallivan},
	title = {A Riemannian BFGS Method Without Differentiated Retraction for Nonconvex Optimization Problems},
	journal = {SIAM Journal on Optimization},
	volume = {28},
	number = {1},
	pages = {470-495},
	year = {2018}
}

@manual{mosek,
	author = "MOSEK ApS",
	title = "MOSEK Optimizer API for Python. Version 9.2.36.",
	year = 2021,
	url = "https://docs.mosek.com/9.2/pythonapi/index.html"
}

@article{roptlib,
	author = {Huang, Wen and Absil, P.-A. and Gallivan, Kyle A. and Hand, Paul},
	title = {ROPTLIB: An Object-Oriented C++ Library for Optimization on Riemannian Manifolds},
	year = {2018},
	issue_date = {August 2018},
	publisher = {Association for Computing Machinery},
	address = {New York, NY, USA},
	volume = {44},
	number = {4},
	doi = {10.1145/3218822},
	journal = {ACM Transactions on Mathematical Softwares},
	month = jul,
	articleno = {43},
	numpages = {21},
}

@Article{BarocasS16,
	author = {Solon Barocas and Andrew D. Selbst},
	title = {Big Data's Disparate Impact},
	journal = {104 California Law Review 671},
	year = {2016}
}

@Article{MehrabiMSLG19,
	author = {{Mehrabi}, Ninareh and {Morstatter}, Fred and {Saxena}, Nripsuta and
	{Lerman}, Kristina and {Galstyan}, Aram},
	title = "{A Survey on Bias and Fairness in Machine Learning}",
	journal = {arXiv e-prints},
	keywords = {Computer Science - Machine Learning},
	year = "2019",
	month = "Aug",
	eid = {arXiv:1908.09635},
	pages = {arXiv:1908.09635},
	archivePrefix = {arXiv},
	eprint = {1908.09635},
	primaryClass = {cs.LG},
}

@Article{Pearson1901,
	author = {Karl Pearson},
	title = {LIII. On lines and planes of closest fit to systems of points in space},
	journal = {The London, Edinburgh, and Dublin Philosophical Magazine and Journal of Science},
	publisher = {Taylor & Francis},
	year  = {1901},
	volume = {2},
	number = {11},
	pages = {559-572},
}

@Article{Hotelling1933,
	author = {Harold Hotelling},
	title = {Analysis of a complex of statistical variables into principal components.},
	journal = {Journal of Educational Psychology},
	publisher = {American Psychological Association ({APA})},
	year = 1933,
	volume = {24},
	number = {6},
	pages = {417--441},
}

@Article{JolliffeC16,
	author    = {Ian T. Jolliffe and Jorge Cadima},
	title     = {Principal component analysis: a review and recent developments},
	journal   = {Philosophical Transactions of the Royal Society A: Mathematical, Physical and Engineering Sciences},
	year      = {2016},
	volume    = {374},
	number    = {2065},
}

@book{multivariate-analysis, 
	author = {Richard A. Johnson and Dean W. Wichern}, 
	title = {Applied Multivariate Statistical Analysis}, 
	year = {2008},
	publisher = {Pearson}, 
	edition={6}
}

@Book{SS2014,
	author = {S. Shalev-Schwartz and S. Ben-David},
	title = {Understanding Machine Learning: From Theory to Algorithms},
	publisher = {Cambridge University Press},
	year = {2014},
}

@article{ZouHT06,
	author = {Hui Zou and Trevor Hastie and Robert Tibshirani},
	title = {Sparse Principal Component Analysis},
	journal = {Journal of Computational and Graphical Statistics},
	volume = {15},
	number = {2},
	pages = {265-286},
	year  = {2006},
	publisher = {Taylor & Francis},
}

@Article{JolliffeTU03,
	author = {Ian T. Jolliffe and Nickolay T. Trendafilov and Mudassir Uddin},
	title = {A Modified Principal Component Technique Based on the LASSO},
	journal = {Journal of Computational and Graphical Statistics},
	volume = {12},
	number = {3},
	pages = {531-547},
	year  = {2003},
	publisher = {Taylor & Francis},
}

@Article{TillmannP14,
	author    = {Andreas M. Tillmann and
	Marc E. Pfetsch},
	title     = {The Computational Complexity of the Restricted Isometry Property,
	the Nullspace Property, and Related Concepts in Compressed Sensing},
	journal   = {{IEEE} Transactions on Information Theory},
	year      = {2014},
	volume    = {60},
	number    = {2},
	pages     = {1248--1259},
}

@article{Magdon-Ismail,
	title = "NP-hardness and inapproximability of sparse PCA",
	journal = "Information Processing Letters",
	volume = "126",
	pages = "35 - 38",
	year = "2017",
	issn = "0020-0190",
	doi = "https://doi.org/10.1016/j.ipl.2017.05.008",
	url = "http://www.sciencedirect.com/science/article/pii/S002001901730100X",
	author = "Malik Magdon-Ismail",
}

@InProceedings{ChanPR16,
	title = {On the Approximability of Sparse PCA},
	author = {Siu On Chan and Dimitris Papailliopoulos and Aviad Rubinstein}, booktitle = {29th Annual Conference on Learning Theory},
	pages = {623--646},
	year = {2016},
	editor = {Vitaly Feldman and Alexander Rakhlin and Ohad Shamir},
	volume = {49},
	series = {Proceedings of Machine Learning Research},
	address = {Columbia University, New York, New York, USA},
	month = {23--26 Jun},
	publisher = {PMLR}, pdf = {http://proceedings.mlr.press/v49/chan16.pdf},
	url = {http://proceedings.mlr.press/v49/chan16.html},
}

@inproceedings{DSPCA,
	author = {d\textquotesingle Aspremont, Alexandre and Ghaoui, Laurent and Jordan, Michael and Lanckriet, Gert},
	booktitle = {Advances in Neural Information Processing Systems},
	editor = {L. Saul and Y. Weiss and L. Bottou},
	pages = {41--48},
	publisher = {MIT Press},
	title = {A Direct Formulation for Sparse PCA Using Semidefinite Programming},
	url = {https://proceedings.neurips.cc/paper/2004/file/8e065119c74efe3a47aec8796964cf8b-Paper.pdf},
	volume = {17},
	year = {2005}
}



@Article{ZouX18,
	author    = {Hui Zou and
	Lingzhou Xue},
	title     = {A Selective Overview of Sparse Principal Component Analysis},
	journal   = {Proceedings of the {IEEE}},
	year      = {2018},
	volume    = {106},
	number    = {8},
	pages     = {1311--1320},
}

@inproceedings{FeldmanFMSV15,
	author    = {Michael Feldman and
	Sorelle A. Friedler and
	John Moeller and
	Carlos Scheidegger and
	Suresh Venkatasubramanian},
	title     = {Certifying and Removing Disparate Impact},
	year      = {2015},
	pages     = {259--268},
	booktitle = {Proceedings of the 21th {ACM} {SIGKDD} International Conference on
	Knowledge Discovery and Data Mining},
	address = {Sydney, NSW, Australia}
}


@InProceedings{Madras18a,
	title = 	 {Learning Adversarially Fair and Transferable Representations},
	author =       {Madras, David and Creager, Elliot and Pitassi, Toniann and Zemel, Richard},
	booktitle = 	 {Proceedings of the 35th International Conference on Machine Learning},
	pages = 	 {3384--3393},
	year = 	 {2018},
	editor = 	 {Dy, Jennifer and Krause, Andreas},
	volume = 	 {80},
	series = 	 {Proceedings of Machine Learning Research},
	month = 	 {10--15 Jul},
	publisher =    {PMLR},
}


@inproceedings{ZafarVGG17a,
	author    = {Muhammad Bilal Zafar and
	Isabel Valera and
	Manuel Gomez{-}Rodriguez and
	Krishna P. Gummadi},
	title     = {Fairness Beyond Disparate Treatment {\&} Disparate Impact: Learning
	Classification without Disparate Mistreatment},
	year      = {2017},
	pages     = {1171--1180},
	booktitle = {Proceedings of the 26th International Conference on World Wide Web,
	{WWW} 2017},
	address = {Perth, Austrailia}
}

@inproceedings{ZafarVGG17b,
	author    = {Muhammad Bilal Zafar and
	Isabel Valera and
	Manuel Gomez{-}Rodriguez and
	Krishna P. Gummadi},
	title     = {Fairness Constraints: Mechanisms for Fair Classification},
	booktitle = {Proceedings of the 20th International Conference on Artificial Intelligence
	and Statistics, {AISTATS} 2017},
	pages     = {962--970},
	year      = {2017},
	address = {Fort Lauderdale, FL, USA}
}

@inproceedings{ChierichettiKLV17,
	author    = {Flavio Chierichetti and
	Ravi Kumar and
	Silvio Lattanzi and
	Sergei Vassilvitskii},
	title     = {Fair Clustering Through Fairlets},
	year      = {2017},
	pages     = {5029--5037},
	booktitle = {Advances in Neural Information Processing Systems 30: Annual Conference
	on Neural Information Processing Systems 2017},
	address = {Long Beach, CA, {USA}}
}

@inproceedings{ChenFLM19,
	author    = {Xingyu Chen and
	Brandon Fain and
	Liang Lyu and
	Kamesh Munagala},
	title     = {Proportionally Fair Clustering},
	year      = {2019},
	pages     = {1032--1041},
	booktitle = {Proceedings of the 36th International Conference on Machine Learning,
	{ICML} 2019},
	address = {Long Beach, CA, {USA}}
}

@inproceedings{KleindessnerAM19,
	author    = {Matth{\"{a}}us Kleindessner and
	Pranjal Awasthi and
	Jamie Morgenstern},
	title     = {Fair k-Center Clustering for Data Summarization},
	year      = {2019},
	pages     = {3448--3457},
	booktitle = {Proceedings of the 36th International Conference on Machine Learning,
	{ICML} 2019},
	address = {Long Beach, CA, {USA}}
}

@inproceedings{BeraCFN19,
	author    = {Suman Kalyan Bera and
	Deeparnab Chakrabarty and
	Nicolas Flores and
	Maryam Negahbani},
	title     = {Fair Algorithms for Clustering},
	year      = {2019},
	pages     = {4955--4966},
	booktitle = {Advances in Neural Information Processing Systems 32: Annual Conference
	on Neural Information Processing Systems 2019, NeurIPS 2019},
	address = {Vancouver, BC, Canada}
}

@inproceedings{Perez-SuayLMMGC17,
	author    = {Adri{\'{a}}n P{\'{e}}rez{-}Suay and
	Valero Laparra and
	Gonzalo Mateo{-}Garcia and
	Jordi Mu{\~{n}}oz{-}Mar{\'{\i}} and
	Luis G{\'{o}}mez{-}Chova and
	Gustau Camps{-}Valls},
	title     = {Fair Kernel Learning},
	year      = {2017},
	pages     = {339--355},
	booktitle = {Machine Learning and Knowledge Discovery in Databases - European Conference,
	{ECML} {PKDD} 2017, Proceedings, Part {I}},
	address = {Skopje, Macedonia}
}

@inproceedings{SamadiTMSV18,
	author    = {S. Samadi and
	U. T. Tantipongpipat and
	J. H. Morgenstern and
	M. Singh and
	S. S. Vempala},
	title     = {The Price of Fair {PCA:} One Extra dimension},
	year      = {2018},
	pages     = {10999--11010},
	booktitle = {Advances in Neural Information Processing Systems 31: Annual Conference
	on Neural Information Processing Systems 2018, NeurIPS 2018},
	address = {Montr{\'{e}}al, Canada}
}

@inproceedings{TantipongpipatS19,
	author    = {U. Tantipongpipat and
	S. Samadi and
	M. Singh and
	J. H. Morgenstern and
	S. S. Vempala},
	title     = {Multi-Criteria Dimensionality Reduction with Applications to Fairness},
	year      = {2019},
	pages     = {15135--15145},
	booktitle = {Advances in Neural Information Processing Systems 32: Annual Conference
	on Neural Information Processing Systems 2019, NeurIPS 2019},
	address = {Vancouver, BC, Canada}
}

@ARTICLE{Bian11,
	author={Bian, Wei and Tao, Dacheng},
	journal={IEEE Transactions on Pattern Analysis and Machine Intelligence}, 
	title={Max-Min Distance Analysis by Using Sequential SDP Relaxation for Dimension Reduction}, 
	year={2011},
	volume={33},
	number={5},
	pages={1037-1050},
	doi={10.1109/TPAMI.2010.189}}

@article{Zalcberg21,
	author={Zalcberg, Gad and Wiesel, Ami},
	journal={IEEE Transactions on Signal Processing}, 
	title={Fair Principal Component Analysis and Filter Design}, 
	year={2021},
	volume={69},
	number={},
	pages={4835-4842},
	doi={10.1109/TSP.2021.3099983}}

@misc{PelegrinaBDRA20,
	title={A multi-objective-based approach for Fair Principal Component Analysis}, 
	author={Guilherme D. Pelegrina and Renan D. B. Brotto and Leonardo T. Duarte and João M. T. Romano and Romis Attux},
	year={2020},
	eprint={2006.06137},
	archivePrefix={arXiv},
	primaryClass={cs.LG}
}

@inproceedings{DworkHPRZ12,
	author    = {Cynthia Dwork and
	Moritz Hardt and
	Toniann Pitassi and
	Omer Reingold and
	Richard S. Zemel},
	title     = {Fairness through awareness},
	booktitle = {Innovations in Theoretical Computer Science 2012},
	pages     = {214--226},
	year      = {2012},
	address = {Cambridge, MA, USA}
}

@inproceedings{HardtPNS16,
	author    = {Moritz Hardt and
	Eric Price and
	Nati Srebro},
	title     = {Equality of Opportunity in Supervised Learning},
	booktitle = {Advances in Neural Information Processing Systems 29: Annual Conference on Neural Information Processing Systems 2016},
	pages     = {3315--3323},
	year      = {2016},
	address = {Barcelona, Spain}
}

@inproceedings{ZemelWSPD13,
	author    = {Richard S. Zemel and
	Yu Wu and
	Kevin Swersky and
	Toniann Pitassi and
	Cynthia Dwork},
	title     = {Learning Fair Representations},
	booktitle = {Proceedings of the 30th International Conference on Machine Learning,
	{ICML} 2013},
	pages     = {325--333},
	year      = {2013},
	address = {Atlanta, GA, USA},
}


@InProceedings{TanYFT21,
	title = 	 {Learning Fair Representations for Kernel Models},
	author =       {Tan, Zilong and Yeom, Samuel and Fredrikson, Matt and Talwalkar, Ameet},
	booktitle = 	 {Proceedings of the Twenty Third International Conference on Artificial Intelligence and Statistics},
	pages = 	 {155--166},
	year = 	 {2020},
	editor = 	 {Chiappa, Silvia and Calandra, Roberto},
	volume = 	 {108},
	series = 	 {Proceedings of Machine Learning Research},
	month = 	 {26--28 Aug},
	publisher =    {PMLR}
}


@inproceedings{Oneto20,
	author = {Oneto, Luca and Donini, Michele and Luise, Giulia and Ciliberto, Carlo and Maurer, Andreas and Pontil, Massimiliano},
	booktitle = {Advances in Neural Information Processing Systems},
	editor = {H. Larochelle and M. Ranzato and R. Hadsell and M. F. Balcan and H. Lin},
	pages = {15360--15370},
	publisher = {Curran Associates, Inc.},
	title = {Exploiting MMD and Sinkhorn Divergences for Fair and Transferable Representation Learning},
	url = {https://proceedings.neurips.cc/paper/2020/file/af9c0e0c1dee63e5acad8b7ed1a5be96-Paper.pdf},
	volume = {33},
	year = {2020}
}

@InProceedings{Jung21,
	author    = {Jung, Sangwon and Lee, Donggyu and Park, Taeeon and Moon, Taesup},
	title     = {Fair Feature Distillation for Visual Recognition},
	booktitle = {Proceedings of the IEEE/CVF Conference on Computer Vision and Pattern Recognition (CVPR)},
	month     = {June},
	year      = {2021},
	pages     = {12115-12124}
}

@inproceedings{Adel19,
	title={One-Network Adversarial Fairness},
	volume={33},
	url={https://ojs.aaai.org/index.php/AAAI/article/view/4085},
	number={01},
	booktitle={Proceedings of the AAAI Conference on Artificial Intelligence},
	author={Adel, Tameem and Valera, Isabel and Ghahramani, Zoubin and Weller, Adrian}, 
	year={2019},
	pages={2412-2420}
}

@inproceedings{Prost19,
	author    = {Flavlen Prost and Hal Qian and Qiuwen Chen and Ed H. Chi and Jilin Chen and Alex Beutel},
	title     = {Toward a better trade-off between performance and fairness with kernel-based distribution matching},
	booktitle = {{NeurIPS} 2019 Workshop on Machine Learning with Guarantees},
	year      = {2019},
	address = {Vancouver, BC, Canada}
}

@inproceedings{Louizos16,
	author    = {Christos Louizos and
	Kevin Swersky and
	Yujia Li and
	Max Welling and
	Richard S. Zemel},
	editor    = {Yoshua Bengio and
	Yann LeCun},
	title     = {The Variational Fair Autoencoder},
	booktitle = {4th International Conference on Learning Representations, {ICLR} 2016,
	San Juan, Puerto Rico, May 2-4, 2016, Conference Track Proceedings},
	year      = {2016},
}

@inproceedings{Quadrianto17,
	author = {Quadrianto, Novi and Sharmanska, Viktoriia},
	booktitle = {Advances in Neural Information Processing Systems},
	editor = {I. Guyon and U. V. Luxburg and S. Bengio and H. Wallach and R. Fergus and S. Vishwanathan and R. Garnett},
	pages = {},
	publisher = {Curran Associates, Inc.},
	title = {Recycling Privileged Learning and Distribution Matching for Fairness},
	url = {https://proceedings.neurips.cc/paper/2017/file/250cf8b51c773f3f8dc8b4be867a9a02-Paper.pdf},
	volume = {30},
	year = {2017}
}




@inproceedings{CaldersKP09,
	author    = {Toon Calders and
	Faisal Kamiran and
	Mykola Pechenizkiy},
	title     = {Building Classifiers with Independency Constraints},
	booktitle = {{ICDM} Workshops 2009, {IEEE} International Conference on Data Mining
	Workshops},
	pages     = {13--18},
	year      = {2009},
	address = {Miami, Florida, USA}
}

@inproceedings{AgarwalBD0W18,
	author    = {Alekh Agarwal and
	Alina Beygelzimer and
	Miroslav Dud{\'{\i}}k and
	John Langford and
	Hanna M. Wallach},
	title     = {A Reductions Approach to Fair Classification},
	booktitle = {Proceedings of the 35th International Conference on Machine Learning,
	{ICML} 2018},
	pages     = {60--69},
	year      = {2018},
	address = {Stockholmsm{\"{a}}ssan, Stockholm, Sweden}
}

@article{KamiranC11,
	author    = {Faisal Kamiran and
	Toon Calders},
	title     = {Data preprocessing techniques for classification without discrimination},
	journal   = {Knowledge and Information Systems},
	volume    = {33},
	number    = {1},
	pages     = {1--33},
	year      = {2011},
}

@INPROCEEDINGS{Kamishima11,
	author={Kamishima, Toshihiro and Akaho, Shotaro and Sakuma, Jun},
	booktitle={2011 IEEE 11th International Conference on Data Mining Workshops}, 
	title={Fairness-aware Learning through Regularization Approach}, 
	year={2011},
	volume={},
	number={},
	pages={643-650},
	doi={10.1109/ICDMW.2011.83}}

@inproceedings{CalmonWVRV17,
	author    = {Fl{\'{a}}vio P. Calmon and
	Dennis Wei and
	Bhanukiran Vinzamuri and
	Karthikeyan Natesan Ramamurthy and
	Kush R. Varshney},
	title     = {Optimized Pre-Processing for Discrimination Prevention},
	booktitle = {Advances in Neural Information Processing Systems 30: Annual Conference
	on Neural Information Processing Systems 2017},
	pages     = {3992--4001},
	year      = {2017},
	address = {Long Beach, CA, USA}
}

@inproceedings{Corbett-DaviesP17,
	author    = {Sam Corbett{-}Davies and
	Emma Pierson and
	Avi Feller and
	Sharad Goel and
	Aziz Huq},
	title     = {Algorithmic Decision Making and the Cost of Fairness},
	booktitle = {Proceedings of the 23rd {ACM} {SIGKDD} International Conference on
	Knowledge Discovery and Data Mining},
	pages     = {797--806},
	year      = {2017},
	address = {Halifax, NS, Canada}
}

@inproceedings{OlfatA18,
	author    = {M. Olfat and
	A. Aswani},
	title     = {Spectral Algorithms for Computing Fair Support Vector Machines},
	year      = {2018},
	pages     = {1933--1942},
	booktitle = {International Conference on Artificial Intelligence and Statistics,
	{AISTATS}},
	address = {Playa Blanca, Lanzarote, Canary Islands, Spain}
}

@Article{KamaniHFFM19,
	author = {{Mahdi Kamani}, Mohammad and {Haddadpour}, Farzin and {Forsati}, Rana and
	{Mahdavi}, Mehrdad},
	title = "{Efficient Fair Principal Component Analysis}",
	journal = {arXiv e-prints},
	year = "2019",
	month = "Nov",
	eid = {arXiv:1911.04931},
	pages = {arXiv:1911.04931},
	archivePrefix = {arXiv},
	eprint = {1911.04931},
	primaryClass = {cs.LG},
}

@article{JL09,
	author = {Iain M. Johnstone and Arthur Yu Lu and Boaz Nadler and Daniela M. Witten and Trevor Hastie and Robert Tibshirani and James O. Ramsay},
	journal = {Journal of the American Statistical Association},
	number = {486},
	pages = {682--703},
	publisher = {[American Statistical Association, Taylor & Francis, Ltd.]},
	title = {On Consistency and Sparsity for Principal Components Analysis in High Dimensions [with Comments]},
	volume = {104},
	year = {2009}
}

@Article{CadimaJ95,
	author = {Jorge Cadima and Ian T. Jolliffe},
	title = {Loading and correlations in the interpretation of principle compenents},
	journal = {Journal of Applied Statistics},
	publisher = {Taylor & Francis},
	year  = {1995},
	volume = {22},
	number = {2},
	pages = {203-214},
}

@article{QLZ13,
	title = "Sparse principal component analysis by choice of norm",
	journal = "Journal of Multivariate Analysis",
	volume = "114",
	pages = "127 - 160",
	year = "2013",
	author = "Xin Qi and Ruiyan Luo and Hongyu Zhao",
}

@MISC{matrix-cookbook,
	author       = "K. B. Petersen and M. S. Pedersen",
	title        = "The Matrix Cookbook",
	year         = "2012",
	month        = "nov",
	keywords     = "Matrix identity, matrix relations, inverse, matrix derivative",
	publisher    = "Technical University of Denmark",
	address      = "",
	note         = "Version 20121115",
	url          = "http://www2.compute.dtu.dk/pubdb/pubs/3274-full.html",
	abstract     = "Matrix identities, relations and approximations. A desktop reference for quick overview of mathematics of matrices."
}

@book{bental-nemirovsky,
	edition={2},
	series={MOS-SIAM Series on Optimization}, 
	title={Lectures on Modern Convex Optimization: Analysis, Algorithms, and Engineering Applications},
	publisher={MOS, SIAM},
	author={Ben-Tal, Aharon and Nemirovski, Arkadi},
	year={2001},
}

@book{do-Carmo1,
	edition={2},
	series={Dover Books on Matheamtics}, 
	title={Differential Geometry of Curves and Surfaces: Revised\&Updated},
	publisher={Dover Publications},
	author={do Carmo, Manfredo P.},
	year={2016},
}

@book{do-Carmo2,
	edition={1},
	series={Universitext}, 
	title={Differential Forms and Applications},
	publisher={Springer-Verlag Berlin Heidelberg},
	author={do Carmo, Manfredo P.},
	year={1994},
}

@book{john-lee1,
	edition={2},
	series={Graduate Texts in Mathematics}, 
	title={Introduction to Topological Manifolds},
	publisher={Springer-Verlag New York},
	author={Lee, John},
	year={2011},
}

@book{john-lee2,
	edition={2},
	series={Graduate Texts in Mathematics}, 
	title={Introduction to Smooth Manifolds},
	publisher={Springer-Verlag New York},
	author={Lee, John},
	year={2012},
}

@book{john-lee3,
	edition={2},
	series={Graduate Texts in Mathematics}, 
	title={Introduction to Riemannian Manifolds},
	publisher={Springer International Publishing},
	author={Lee, John},
	year={2018},
}

@book{nocedal-wright,
	edition={2},
	series={Springer Series in Operations Research and Financial Engineering}, 
	title={Numerical optimization},
	publisher={Springer-Verlag New York},
	author={Nocedal, Jorge and Wright, Stephen J.},
	year={2006},
}

@book{bertsekas,
	edition={3},
	title={Nonlinear Programming},
	publisher={Athena Scientific},
	author={Bertsekas, Dimitri P.},
	year={2016},
}

@article{admm,
	author = {Boyd, Stephen and Parikh, Neal and Chu, Eric and Peleato, Borja and Eckstein, Jonathan},
	title = {Distributed Optimization and Statistical Learning via the Alternating Direction Method of Multipliers},
	year = {2011},
	issue_date = {January 2011},
	publisher = {Now Publishers Inc.},
	address = {Hanover, MA, USA},
	volume = {3},
	number = {1},
	journal = {Foundations and Trends in Machine Learning},
	month = jan,
	pages = {1–122},
	numpages = {122}
}

@ARTICLE{admm-convergence,
	author={S. {Magnússon} and P. C. {Weeraddana} and M. G. {Rabbat} and C. {Fischione}},
	journal={IEEE Transactions on Control of Network Systems}, 
	title={On the Convergence of Alternating Direction Lagrangian Methods for Nonconvex Structured Optimization Problems}, 
	year={2016},
	volume={3},
	number={3},
	pages={296-309},
	doi={10.1109/TCNS.2015.2476198}
}


@article{danskin,
	ISSN = {00361399},
	URL = {http://www.jstor.org/stable/2946123},
	author = {John M. Danskin},
	journal = {SIAM Journal on Applied Mathematics},
	number = {4},
	pages = {641--664},
	publisher = {Society for Industrial and Applied Mathematics},
	title = {The Theory of Max-Min, with Applications},
	volume = {14},
	year = {1966}
}

@phdthesis{bertsekas-phd,
	author = {Dimitri P. Bertsekas},
	title = {Control of uncertain systems with a set-membership description of the uncertainty},
	publisher = {Massachusetts Institute of Technology},
	year = {1971}
}

@article{optimality-manifold,
	URL = {http://www.optimization-online.org/DB_FILE/2012/07/3535.pdf},
	author = {Yang, Wei Hong and Zhang, Lei-Hong and Song, Ruyi},
	journal = {Pacific Journal of Optimization},
	pages = {415--434},
	title = {Optimality conditions for the nonlinear programming problems on Riemannian manifolds},
	volume = {10},
	year = {2014}
}

@inproceedings{fritz-john1,
	author    = {Fritz John},
	editor    = {Friedrichs, K. O. and Neugebauer, O. E. and Stoker, J. J.},
	title     = "Extremum problems with inequalities as side conditions",
	booktitle = {Studies and Essays, Courant Anniversary Volume},
	pages     = {187-204},
	publisher = {Wiley (Interscience)},
	year      = {1948},
	location = "New York"
}

@article{fritz-john2,
	title = "The Fritz John necessary optimality conditions in the presence of equality and inequality constraints",
	journal = "Journal of Mathematical Analysis and Applications",
	volume = "17",
	number = "1",
	pages = "37 - 47",
	year = "1967",
	issn = "0022-247X",
	doi = "https://doi.org/10.1016/0022-247X(67)90163-1",
	url = "http://www.sciencedirect.com/science/article/pii/0022247X67901631",
	author = "O.L Mangasarian and S Fromovitz"
}

@book{mordukhovich,
	edition={1},
	series={Springer Monographs in Mathematics}, 
	title={Variational Analysis and Applications},
	publisher={Springer International Publishing},
	author={Mordukhovich, Boris S.},
	year={2018},
}

@book{Massart07,
	edition={1},
	series={École d'Été de Probabilités de Saint-Flour}, 
	title={Concentration Inequalities and Model Selection},
	publisher={Springer-Verlag Berlin Heidelberg},
	author={Massart, Pascal},
	year={2007},
}

@article{manifold-john-fritz,
	ISSN = {00029947},
	URL = {http://www.jstor.org/stable/20161750},
	author = {Yu. S. Ledyaev and Qiji J. Zhu},
	journal = {Transactions of the American Mathematical Society},
	number = {8},
	pages = {3687--3732},
	publisher = {American Mathematical Society},
	title = {Nonsmooth Analysis on Smooth Manifolds},
	volume = {359},
	year = {2007}
}

@INPROCEEDINGS{aadmm3,
	author={Z. {Xu} and M. A. T. {Figueiredo} and X. {Yuan} and C. {Studer} and T. {Goldstein}},
	booktitle={2017 IEEE Conference on Computer Vision and Pattern Recognition (CVPR)}, 
	title={Adaptive Relaxed ADMM: Convergence Theory and Practical Implementation}, 
	year={2017},
	volume={},
	number={},
	pages={7234-7243},
	doi={10.1109/CVPR.2017.765}
}

@InProceedings{aadmm2,
	title = {{Adaptive ADMM with Spectral Penalty Parameter Selection}},
	author = {Zheng Xu and Mario Figueiredo and Tom Goldstein},
	booktitle = {Proceedings of the 20th International Conference on Artificial Intelligence and Statistics},
	pages = {718--727},
	year = {2017},
	editor = {Aarti Singh and Jerry Zhu},
	volume = {54},
	series = {Proceedings of Machine Learning Research},
	address = {Fort Lauderdale, FL, USA},
	month = {20--22 Apr},
	publisher = {PMLR},
	pdf = {http://proceedings.mlr.press/v54/xu17a/xu17a.pdf},
	url = {http://proceedings.mlr.press/v54/xu17a.html},
}

@InProceedings{aadmm1,
	title = {{An Empirical Study of ADMM for Nonconvex Problems}},
	author = {Zheng Xu and Soham De and Mário A. T. Figueiredo and Christoph Studer and Tom Goldstein},
	booktitle = {NeurIPS 2016: Workshop on Nonconvex Optimization for Machine Learning: Theory and Practice},
	month = {Dec},
	year = {2016}
}

@inproceedings{xu2017adaptive,
	title={Adaptive Relaxed ADMM: Convergence Theory and Practical Implementation},
	author={Xu, Zheng and Figueiredo, Mario and Yuan, Xiaoming and Studer, Christoph and Goldstein, Tom},
	booktitle={IEEE Conference on Computer Vision and Pattern Recognition (CVPR)},
	year={2017}
}


@misc{UCI,
	author = "Dua, Dheeru and Graff, Casey",
	year = "2017",
	title = "{UCI} Machine Learning Repository",
	url = "http://archive.ics.uci.edu/ml",
	institution = "University of California, Irvine, School of Information and Computer Sciences" }

@article{parkinson1,
	author = {Little, Max A. and McSharry, Patrick E and Roberts, Stephen J. and Costello, Declan AE and Moroz, Irene M},
	title = {Exploting Nonlinear Recurrence and Fractal Scaling Properties for Voice Disorder Detection},
	journal = {BioMedical Engineering OnLine},
	volume = {6},
	number = {23},
	year = {2007},
}

@article{parkinson2,
	title = "A comparative analysis of speech signal processing algorithms for Parkinson’s disease classification and the use of the tunable Q-factor wavelet transform",
	journal = "Applied Soft Computing",
	volume = "74",
	pages = "255 - 263",
	year = "2019",
	issn = "1568-4946",
	doi = "https://doi.org/10.1016/j.asoc.2018.10.022",
	url = "http://www.sciencedirect.com/science/article/pii/S1568494618305799",
	author = "C. Okan Sakar and Gorkem Serbes and Aysegul Gunduz and Hunkar C. Tunc and Hatice Nizam and Betul Erdogdu Sakar and Melih Tutuncu and Tarkan Aydin and M. Erdem Isenkul and Hulya Apaydin",
}

@Article{complexheatmap,
	Author="Gu, Z.  and Eils, R.  and Schlesner, M. ",
	Title="{{C}omplex heatmaps reveal patterns and correlations in multidimensional genomic data}",
	Journal="Bioinformatics",
	Year="2016",
	Volume="32",
	Number="18",
	Pages="2847--2849",
	Month="09"
}

@article{ManPG,
	author = {Chen, Shixiang and Ma, Shiqian and Man-Cho So, Anthony and Zhang, Tong},
	title = {Proximal Gradient Method for Nonsmooth Optimization over the Stiefel Manifold},
	journal = {SIAM Journal on Optimization},
	volume = {30},
	number = {1},
	pages = {210-239},
	year = {2020},
}

@article{pca,
	author = "Eckart, Carl and Young, Gale",
	title = "The approximation of one matrix by another of lower rank",
	journal = "Psychometrika",
	volume = "1",
	pages = "211---218",
	year = "1936"
}

@ARTICLE{kernel-pca,
	author={B. {Schölkopf} and A. {Smola} and K. {Müller}},
	journal={Neural Computation}, 
	title={Nonlinear Component Analysis as a Kernel Eigenvalue Problem}, 
	year={1998},
	volume={10},
	number={5},
	pages={1299-1319},
	doi={10.1162/089976698300017467}
}

@InProceedings{fairSC,
	title = {Guarantees for Spectral Clustering with Fairness Constraints},
	author = {Kleindessner, Matth{\"a}us and Samadi, Samira and Awasthi, Pranjal and Morgenstern, Jamie},
	booktitle = {Proceedings of the 36th International Conference on Machine Learning},
	pages = {3458--3467},
	year = {2019},
	editor = {Kamalika Chaudhuri and Ruslan Salakhutdinov},
	volume = {97},
	series = {Proceedings of Machine Learning Research},
	address = {Long Beach, California, USA},
	month = {09--15 Jun},
	publisher = {PMLR},
	pdf = {http://proceedings.mlr.press/v97/kleindessner19b/kleindessner19b.pdf},
	url = {http://proceedings.mlr.press/v97/kleindessner19b.html} }

@inproceedings{ACS13,
	author = {Arora, Raman and Cotter, Andy and Srebro, Nati},
	booktitle = {Advances in Neural Information Processing Systems},
	editor = {C. J. C. Burges and L. Bottou and M. Welling and Z. Ghahramani and K. Q. Weinberger},
	pages = {1815--1823},
	publisher = {Curran Associates, Inc.},
	title = {Stochastic Optimization of PCA with Capped MSG},
	url = {https://proceedings.neurips.cc/paper/2013/file/6d0f846348a856321729a2f36734d1a7-Paper.pdf},
	volume = {26},
	year = {2013}
}

@inproceedings{JS1,
	address = "Berkeley, California",
	author = "Stein, Charles",
	booktitle = "Proceedings of the Third Berkeley Symposium on Mathematical Statistics and Probability, Volume 1: Contributions to the Theory of Statistics",
	pages = "197--206",
	publisher = "University of California Press",
	title = "Inadmissibility of the Usual Estimator for the Mean of a Multivariate Normal Distribution",
	url = "https://projecteuclid.org/euclid.bsmsp/1200501656",
	year = "1956"
}

@inproceedings{JS2,
	address = "Berkeley, California",
	author = "James, W. and Stein, Charles",
	booktitle = "Proceedings of the Fourth Berkeley Symposium on Mathematical Statistics and Probability, Volume 1: Contributions to the Theory of Statistics",
	pages = "361--379",
	publisher = "University of California Press",
	title = "Estimation with Quadratic Loss",
	url = "https://projecteuclid.org/euclid.bsmsp/1200512173",
	year = "1961"
}

@article{CW12,
	author = "Chételat, Didier and Wells, Martin T.",
	doi = "10.1214/12-AOS1067",
	journal = "Annals of Statistics",
	month = "12",
	number = "6",
	pages = "3137--3160",
	publisher = "The Institute of Mathematical Statistics",
	title = "Improved multivariate normal mean estimation with unknown covariance when $p$ is greater than $n$",
	url = "https://doi.org/10.1214/12-AOS1067",
	volume = "40",
	year = "2012"
}

@article{SB89,
	title = "Stein estimation under elliptical distributions",
	journal = "Journal of Multivariate Analysis",
	volume = "28",
	number = "2",
	pages = "247 - 259",
	year = "1989",
	issn = "0047-259X",
	doi = "https://doi.org/10.1016/0047-259X(89)90108-5",
	url = "http://www.sciencedirect.com/science/article/pii/0047259X89901085",
	author = "M.S Srivastava and M Bilodeau",
	keywords = "elliptical distribution, robustness, spherical distributions, Stein estimators",
	abstract = "In a subclass of elliptical distributions, Stein estimators are robust in estimating the mean vector and the regression parameters in a linear regression model. Unbiased estimates of bias and risk are also given for the regression model."
}

@TECHREPORT{Baranchik64,
	AUTHOR =        {Baranchik, Alvin J.},
	TITLE =         {Multiple Regression and Estimation of the Mean of a Multivariate Normal Distribution},
	NUMBER =        {MSU-CSE-06-2},
	INSTITUTION =   {Department of Statistics, Stanford University},
	ADDRESS =       {Stanford, California},
	MONTH =         {May},
	YEAR  =         {1964},
}


@ARTICLE{OAS,
	author={Y. {Chen} and A. {Wiesel} and Y. C. {Eldar} and A. O. {Hero}},
	journal={IEEE Transactions on Signal Processing}, 
	title={Shrinkage Algorithms for MMSE Covariance Estimation}, 
	year={2010},
	volume={58},
	number={10},
	pages={5016-5029},
	doi={10.1109/TSP.2010.2053029}
}

@article{SAKAR2019255,
	title = "A comparative analysis of speech signal processing algorithms for Parkinson’s disease classification and the use of the tunable Q-factor wavelet transform",
	journal = "Applied Soft Computing",
	volume = "74",
	pages = "255 - 263",
	year = "2019",
	issn = "1568-4946",
	doi = "https://doi.org/10.1016/j.asoc.2018.10.022",
	url = "http://www.sciencedirect.com/science/article/pii/S1568494618305799",
	author = "C. Okan Sakar and Gorkem Serbes and Aysegul Gunduz and Hunkar C. Tunc and Hatice Nizam and Betul Erdogdu Sakar and Melih Tutuncu and Tarkan Aydin and M. Erdem Isenkul and Hulya Apaydin",
}

@ARTICLE{admm-spca,
	author={M. {Tan} and Z. {Hu} and Y. {Yan} and J. {Cao} and D. {Gong} and Q. {Wu}},
	journal={IEEE Transactions on Knowledge and Data Engineering}, 
	title={Learning Sparse PCA with Stabilized ADMM Method on Stiefel Manifold}, 
	year={2019},
	volume={},
	number={},
	pages={1-1},
	doi={10.1109/TKDE.2019.2935449}
}

@book{Shumway-Stoffer,
	edition={4},
	series={Springer Texts in Statistics},
	title={Time Series Analysis and Its Applications: With R Examples},
	publisher={Springer International Publishing},
	author={Shumway, Robert H. and Stoffer, David S.},
	year={2017},
}

@article{wine-quality,
	title = {Modeling wine preferences by data mining from physicochemical properties},
	journal = {Decision Support Systems},
	volume = {47},
	number = {4},
	pages = {547-553},
	year = {2009},
	note = {Smart Business Networks: Concepts and Empirical Evidence},
	issn = {0167-9236},
	doi = {https://doi.org/10.1016/j.dss.2009.05.016},
	url = {https://www.sciencedirect.com/science/article/pii/S0167923609001377},
	author = {Paulo Cortez and António Cerdeira and Fernando Almeida and Telmo Matos and José Reis},
}


@article{biodeg,
	Author = {Mansouri, Kamel and Ringsted, Tine and Ballabio, Davide and Todeschini, Roberto and Consonni, Viviana},
	Booktitle = {Journal of Chemical Information and Modeling},
	Da = {2013/04/22},
	Date = {2013/04/22},
	Date-Added = {2021-02-11 14:04:52 +0900},
	Date-Modified = {2021-02-11 14:04:52 +0900},
	Doi = {10.1021/ci4000213},
	Isbn = {1549-9596},
	Journal = {Journal of Chemical Information and Modeling},
	Journal1 = {J. Chem. Inf. Model.},
	M3 = {doi: 10.1021/ci4000213},
	Month = {04},
	Number = {4},
	Pages = {867--878},
	Publisher = {American Chemical Society},
	Title = {Quantitative Structure--Activity Relationship Models for Ready Biodegradability of Chemicals},
	Ty = {JOUR},
	Url = {https://doi.org/10.1021/ci4000213},
	Volume = {53},
	Year = {2013},
	Year1 = {2013},
	Bdsk-Url-1 = {https://doi.org/10.1021/ci4000213}
}

@article{taiwan-credit,
	title = {The comparisons of data mining techniques for the predictive accuracy of probability of default of credit card clients},
	journal = {Expert Systems with Applications},
	volume = {36},
	number = {2, Part 1},
	pages = {2473-2480},
	year = {2009},
	issn = {0957-4174},
	doi = {https://doi.org/10.1016/j.eswa.2007.12.020},
	url = {https://www.sciencedirect.com/science/article/pii/S0957417407006719},
	author = {I-Cheng Yeh and Che-hui Lien},
}

@article{skillcraft,
	author = {Thompson, Joseph J. AND Blair, Mark R. AND Chen, Lihan AND Henrey, Andrew J.},
	journal = {PLOS ONE},
	publisher = {Public Library of Science},
	title = {Video Game Telemetry as a Critical Tool in the Study of Complex Skill Learning},
	year = {2013},
	month = {09},
	volume = {8},
	url = {https://doi.org/10.1371/journal.pone.0075129},
	pages = {1-12},
	number = {9},
	doi = {10.1371/journal.pone.0075129}
}

@ARTICLE{parkinson,
	author={A. {Tsanas} and M. A. {Little} and P. E. {McSharry} and L. O. {Ramig}},
	journal={IEEE Transactions on Biomedical Engineering}, 
	title={Accurate Telemonitoring of Parkinson's Disease Progression by Noninvasive Speech Tests}, 
	year={2010},
	volume={57},
	number={4},
	pages={884-893},
	doi={10.1109/TBME.2009.2036000}
}


@article{kruger,
	Author = {Kruger, A.  Ya. },
	Da = {2003/07/01},
	Date-Added = {2021-02-11 16:57:29 +0900},
	Date-Modified = {2021-02-11 16:57:29 +0900},
	Doi = {10.1023/A:1023673105317},
	Id = {Kruger2003},
	Isbn = {1573-8795},
	Journal = {Journal of Mathematical Sciences},
	Number = {3},
	Pages = {3325--3358},
	Title = {On Fr{\'e}chet Subdifferentials},
	Ty = {JOUR},
	Volume = {116},
	Year = {2003},
}

@book{rockafellar, 
	author = {Rockafellar, R. T.}, 
	title = {Convex Analysis}, 
	year = {1996},
	publisher = {Princeton University Press}, 
}

@book{rockafellar-variational, 
	edition={1},
	series={Grundlehren der mathematischen Wissenschaften}, 
	title={Variational Analysis},
	publisher={Springer-Verlag Berlin Heidelberg},
	author={Rockafellar, R. Tyrrell and Wets, Roger J-B},
	year={1998},
}

@article{IPM,
	author = {Alfred Muller},
	journal = {Advances in Applied Probability},
	number = {2},
	pages = {429--443},
	publisher = {Applied Probability Trust},
	title = {Integral Probability Metrics and Their Generating Classes of Functions},
	volume = {29},
	year = {1997}
}


@article{Kantorovich-Rubinstein,
	author = {Kantorovich, Leonid and  Rubinstein, Gennady S.},
	title = {On a space of totally additive functions},
	journal = {Vestnik Leningradskogo Universiteta},
	pages = {52--59},
	volume = {13},
	year = {1958}
}

@article{mmd1,
	author = {Borgwardt, Karsten M. and Gretton, Arthur and Rasch, Malte J. and Kriegel, Hans-Peter and Schölkopf, Bernhard and Smola, Alex J.},
	title = "{Integrating structured biological data by Kernel Maximum Mean Discrepancy}",
	journal = {Bioinformatics},
	volume = {22},
	number = {14},
	pages = {e49-e57},
	year = {2006},
	month = {07},
}

@inproceedings{Gretton07a,
	author = {Gretton, Arthur and Borgwardt, Karsten and Rasch, Malte and Sch\"{o}lkopf, Bernhard and Smola, Alex},
	booktitle = {Advances in Neural Information Processing Systems},
	editor = {B. Sch\"{o}lkopf and J. Platt and T. Hoffman},
	pages = {},
	publisher = {MIT Press},
	title = {A Kernel Method for the Two-Sample-Problem},
	url = {https://proceedings.neurips.cc/paper/2006/file/e9fb2eda3d9c55a0d89c98d6c54b5b3e-Paper.pdf},
	volume = {19},
	year = {2007}
}

@article{Gretton12a,
	author  = {Arthur Gretton and Karsten M. Borgwardt and Malte J. Rasch and Bernhard Sch{{\"o}}lkopf and Alexander Smola},
	title   = {A Kernel Two-Sample Test},
	journal = {Journal of Machine Learning Research},
	year    = {2012},
	volume  = {13},
	number  = {25},
	pages   = {723-773},
	url     = {http://jmlr.org/papers/v13/gretton12a.html}
}

@inproceedings{Fukumizu08,
	author = {Fukumizu, Kenji and Gretton, Arthur and Sun, Xiaohai and Sch\"{o}lkopf, Bernhard},
	booktitle = {Advances in Neural Information Processing Systems},
	editor = {J. Platt and D. Koller and Y. Singer and S. Roweis},
	pages = {},
	publisher = {Curran Associates, Inc.},
	title = {Kernel Measures of Conditional Dependence},
	url = {https://proceedings.neurips.cc/paper/2007/file/3a0772443a0739141292a5429b952fe6-Paper.pdf},
	volume = {20},
	year = {2008}
}

@inproceedings{Sriperumbudur08,
	author  = {Bharath K. Sriperumbudur and Arthur Gretton and Kenji Fukumizu and Gert R.G. Lanckriet and Bernhard Sch{{\"o}}lkopf},
	booktitle = {Proceedings of the 21st Annual Conference on Learning Theory (COLT)},
	editor = {Rocco Servedio and Tong Zhang},
	pages = {111-222},
	title = {Injective Hilbert Space Embeddings of Probability Measures},
	url = {https://www.learningtheory.org/colt2008/papers/103-Sriperumbudur.pdf},
	year = {2008}
}

@article{Sriperumbudur10a,
	author  = {Bharath K. Sriperumbudur and Arthur Gretton and Kenji Fukumizu and Bernhard Sch{{\"o}}lkopf and Gert R.G. Lanckriet},
	title   = {Hilbert Space Embeddings and Metrics on Probability Measures},
	journal = {Journal of Machine Learning Research},
	year    = {2010},
	volume  = {11},
	number  = {50},
	pages   = {1517-1561},
	url     = {http://jmlr.org/papers/v11/sriperumbudur10a.html}
}

@inproceedings{Ramdas15a,
	author = {Ramdas, Aaditya and Reddi, Sashank J. and P\'{o}czos, Barnab\'{a}s and Singh, Aarti and Wasserman, Larry},
	title = {On the Decreasing Power of Kernel and Distance Based Nonparametric Hypothesis Tests in High Dimensions},
	year = {2015},
	publisher = {AAAI Press},
	booktitle = {Proceedings of the Twenty-Ninth AAAI Conference on Artificial Intelligence},
	pages = {3571–3577},
	numpages = {7},
	location = {Austin, Texas},
	series = {AAAI'15}
}

@misc{aif360,
	title = "{AI Fairness} 360:  An Extensible Toolkit for Detecting, Understanding, and Mitigating Unwanted Algorithmic Bias",
	author = {Rachel K. E. Bellamy and Kuntal Dey and Michael Hind and
	Samuel C. Hoffman and Stephanie Houde and Kalapriya Kannan and
	Pranay Lohia and Jacquelyn Martino and Sameep Mehta and
	Aleksandra Mojsilovic and Seema Nagar and Karthikeyan Natesan Ramamurthy and
	John Richards and Diptikalyan Saha and Prasanna Sattigeri and
	Moninder Singh and Kush R. Varshney and Yunfeng Zhang},
	month = oct,
	year = {2018},
	url = {https://arxiv.org/abs/1810.01943}
}

@inproceedings{fairbatch,
	author    = {Yuji Roh and
	Kangwook Lee and
	Steven Euijong Whang and
	Changho Suh},
	title     = {FairBatch: Batch Selection for Model Fairness},
	booktitle = {9th International Conference on Learning Representations, {ICLR} 2021,
	Virtual Event, Austria, May 3-7, 2021},
	publisher = {OpenReview.net},
	year      = {2021},
	url       = {https://openreview.net/forum?id=YNnpaAKeCfx},
}


@InProceedings{Shamir15,
	title = 	 {A Stochastic PCA and SVD Algorithm with an Exponential Convergence Rate},
	author = 	 {Shamir, Ohad},
	booktitle = 	 {Proceedings of the 32nd International Conference on Machine Learning},
	pages = 	 {144--152},
	year = 	 {2015},
	editor = 	 {Bach, Francis and Blei, David},
	volume = 	 {37},
	series = 	 {Proceedings of Machine Learning Research},
	address = 	 {Lille, France},
	month = 	 {07--09 Jul},
	publisher =    {PMLR},
	pdf = 	 {http://proceedings.mlr.press/v37/shamir15.pdf},
	url = 	 {https://proceedings.mlr.press/v37/shamir15.html},
}

